@article{2012,
  author = {CMS/CERN},
  title = {{A New Boson with a Mass of 125 GeV Observed with the CMS Experiment at the Large Hadron Collider}},
  volume = {338},
  number = {6114},
  pages = {1569-1575},
  year = {2012},
  doi = {10.1126/science.1230816},
  eprint = {http://www.sciencemag.org/content/338/6114/1569.full.pdf},
  journal = {Science},
}


@article{Holstein_2009,
  doi = {10.1088/1742-6596/173/1/012019},
  url = {http://dx.doi.org/10.1088/1742-6596/173/1/012019},
  year = {2009},
  month = {jun},
  publisher = {{IOP} Publishing},
  volume = {173},
  pages = {012019},
  author = {Barry R Holstein},
  title = {{The mysterious disappearance of Ettore Majorana}},
  journal = {J. Phys.: Conf. Ser.},
}


@book{woodroffe2005,
  doi = {10.1017/cbo9780511614774},
  url = {https://doi.org/10.1017%2Fcbo9780511614774},
  year = {2005},
  publisher = {Cambridge University Press},
  editor = {Rosie Woodroffe and Simon Thirgood and Alan Rabinowitz},
  title = {{People and Wildlife}},
}


@book{2005,
  doi = {10.1017/cbo9780511614774},
  url = {https://doi.org/10.1017%2Fcbo9780511614774},
  year = {2005},
  publisher = {Cambridge University Press},
  editor = {Rosie Woodroffe and Simon Thirgood and Alan Rabinowitz},
  title = {{People and Wildlife}},
}


@article{Dickman_2014,
  doi = {10.1016/j.biocon.2014.07.011},
  url = {https://doi.org/10.1016%2Fj.biocon.2014.07.011},
  year = {2014},
  month = {oct},
  publisher = {Elsevier {BV}},
  volume = {178},
  pages = {19--27},
  author = {Amy J. Dickman and Leela Hazzah and Chris Carbone and Sarah M Durant},
  title = {{Carnivores culture and `contagious conflict': Multiple factors influence perceived problems with carnivores in Tanzania's Ruaha landscape}},
  journal = {Biological Conservation},
}


@article{Ripple_2014,
  doi = {10.1126/science.1241484},
  url = {https://doi.org/10.1126%2Fscience.1241484},
  year = {2014},
  month = {jan},
  publisher = {American Association for the Advancement of Science ({AAAS})},
  volume = {343},
  number = {6167},
  pages = {1241484--1241484},
  author = {W. J. Ripple and J. A. Estes and R. L. Beschta and C. C. Wilmers and E. G. Ritchie and M. Hebblewhite and J. Berger and B. Elmhagen and M. Letnic and M. P. Nelson and O. J. Schmitz and D. W. Smith and A. D. Wallach and A. J. Wirsing},
  title = {{Status and Ecological Effects of the World{\textquotesingle}s Largest Carnivores}},
  journal = {Science},
}


@article{Abade_2014,
  doi = {10.1371/journal.pone.0096261},
  url = {https://doi.org/10.1371%2Fjournal.pone.0096261},
  year = {2014},
  month = {may},
  publisher = {Public Library of Science ({PLoS})},
  volume = {9},
  number = {5},
  pages = {e96261},
  author = {Leandro Abade and David W. Macdonald and Amy J. Dickman},
  editor = {Antoni Margalida},
  title = {{Using Landscape and Bioclimatic Features to Predict the Distribution of Lions Leopards and Spotted Hyaenas in Tanzania{\textquotesingle}s Ruaha Landscape}},
  journal = {{PLoS} {ONE}},
}


@phdthesis{amy2008,
  title = {{Key determinants of conflict between people and wildlife, particularly large carnivores, around Ruaha National Park, Tanzania}},
  author = {Dickman, Amy},
  school = {University of Oxford},
  year = {2008},
}
